<collection xmlns="http://www.loc.gov/MARC21/slim">
<record>
  <leader>00807nam0a22001811i 450 </leader>
  <controlfield tag="001">IT\ICCU\CNCE\080367</controlfield>
  <controlfield tag="005">20200831000000.0</controlfield>
  <datafield tag="012" ind1=" " ind2=" ">
    <subfield code="a">tei- n-o- i-o- leen (3) 1575 (R)</subfield>
    <subfield code="2">fei</subfield>
  </datafield>
  <datafield tag="100" ind1=" " ind2=" ">
    <subfield code="a">20200831d1575        0itac0103    ba</subfield>
  </datafield>
  <datafield tag="101" ind1=" " ind2=" ">
    <subfield code="a">ITA</subfield>
  </datafield>
  <datafield tag="102" ind1=" " ind2=" ">
    <subfield code="a">IT</subfield>
  </datafield>
  <datafield tag="200" ind1="1" ind2=" ">
    <subfield code="a">℗Il ℗leggendario delle santissime vergini; lequali uolsero morire per il nostro Signor Giesu Christo, &amp; per mantenere la sua santa fede, &amp; uirginit.̉ Nouamente ristampato, &amp; aggiuntoui due leggende, &amp; di bellissime figure adornato</subfield>
  </datafield>
  <datafield tag="210" ind1=" " ind2=" ">
    <subfield code="a">In Venetia</subfield>
    <subfield code="c">appresso Pietro de Franceschi &amp; nepoti</subfield>
    <subfield code="d">1575</subfield>
  </datafield>
  <datafield tag="215" ind1=" " ind2=" ">
    <subfield code="a">528 p.</subfield>
    <subfield code="c">ill.</subfield>
    <subfield code="d">12ʻ</subfield>
  </datafield>
  <datafield tag="620" ind1=" " ind2=" ">
    <subfield code="a">IT</subfield>
    <subfield code="d">Venezia</subfield>
  </datafield>
  <datafield tag="712" ind1="0" ind2="0">
    <subfield code="a">De_Franceschi, Pietro &amp; nipoti</subfield>
    <subfield code="3">IT\ICCU\CNCT\000377</subfield>
    <subfield code="4">650</subfield>
  </datafield>
  <datafield tag="801" ind1=" " ind2="3">
    <subfield code="a">IT</subfield>
    <subfield code="b">ICCU</subfield>
    <subfield code="c">20201115</subfield>
  </datafield>
  <datafield tag="899" ind1=" " ind2=" ">
    <subfield code="a">Biblioteca estera - Bibliothq̈ue municipale de Lyon. Lyon</subfield>
    <subfield code="1">AA0006</subfield>
  </datafield>
</record>
</collection>
